<?xml version="1.0" encoding="UTF-8"?><collection xmlns="http://www.loc.gov/MARC21/slim"><record><leader>00554nam--2200181-i-4500</leader><controlfield tag="001">000030407</controlfield><controlfield tag="002">20161230</controlfield><controlfield tag="005">20161230201038</controlfield><controlfield tag="008">060222s1000------------r-----000-0-eng-d</controlfield><datafield ind1=" " ind2=" " tag="040"><subfield code="a">IFIN-HH</subfield></datafield><datafield ind1=" " ind2=" " tag="080"><subfield code="a">537.222.22:621.315.592</subfield></datafield><datafield ind1="1" ind2=" " tag="100"><subfield code="a">Madelung, O</subfield></datafield><datafield ind1="1" ind2="0" tag="245"><subfield code="a">Physics of iii-v compounds</subfield><subfield code="b">Translated by dr. dietrich meyerhofer</subfield><subfield code="c">O. madelung</subfield></datafield><datafield ind1=" " ind2=" " tag="260"><subfield code="a">New York</subfield><subfield code="b">John Wiley &amp; Sons, Inc</subfield><subfield code="c">1964</subfield></datafield><datafield ind1=" " ind2=" " tag="300"><subfield code="a">XIV+409P</subfield></datafield><datafield ind1=" " ind2=" " tag="490"><subfield code="a">Wiley Series On The Science And Technology Of Materials</subfield></datafield><datafield ind1=" " ind2=" " tag="852"><subfield code="a">22071</subfield><subfield code="c">539.2</subfield></datafield><datafield ind1=" " ind2=" " tag="CAT"><subfield code="a">Sys</subfield><subfield code="c">20121011</subfield><subfield code="h">174406</subfield></datafield></record></collection>